<?xml version="1.0" encoding="UTF-8"?><collection xmlns="http://www.loc.gov/MARC21/slim"><record><leader>00498nam--2200169-u-4500</leader><controlfield tag="001">000056716</controlfield><controlfield tag="002">20161230</controlfield><controlfield tag="005">20161230201052</controlfield><controlfield tag="008">161003s1000------------r-----000-0-rum-d</controlfield><datafield ind1=" " ind2=" " tag="040"><subfield code="a">IFIN-HH</subfield></datafield><datafield ind1=" " ind2=" " tag="041"><subfield code="a">rum</subfield></datafield><datafield ind1="1" ind2=" " tag="100"><subfield code="a">Frangopol, Petre T</subfield></datafield><datafield ind1="1" ind2="0" tag="245"><subfield code="a">Mediocritate si excelenta. O radiografie a stiintei si invatamantului din Romania. Vol. 6</subfield><subfield code="c">Petre T. Frangopol</subfield></datafield><datafield ind1=" " ind2=" " tag="260"><subfield code="a">Cluj-Napoca</subfield><subfield code="b">Casa Cartii de Stiinta</subfield><subfield code="c">2016</subfield></datafield><datafield ind1=" " ind2=" " tag="300"><subfield code="a">310 p</subfield></datafield><datafield ind1=" " ind2=" " tag="852"><subfield code="a">81663</subfield><subfield code="c">92</subfield></datafield><datafield ind1=" " ind2=" " tag="CAT"><subfield code="a">Sys</subfield><subfield code="c">20161003</subfield><subfield code="h">144952</subfield></datafield></record></collection>